%YAML 1.1
%TAG !u! tag:unity3d.com,2011:
--- !u!1 &1676653871669949779
GameObject:
  m_ObjectHideFlags: 0
  m_CorrespondingSourceObject: {fileID: 0}
  m_PrefabInstance: {fileID: 0}
  m_PrefabAsset: {fileID: 0}
  serializedVersion: 6
  m_Component:
  - component: {fileID: 3322401293549652533}
  - component: {fileID: 6797075865244585864}
  - component: {fileID: 1342614718741732493}
  - component: {fileID: 7963801374202932055}
  - component: {fileID: -178664225633858863}
  - component: {fileID: 8236029939824628076}
  - component: {fileID: 7903452221268911512}
  - component: {fileID: 1970126925494062340}
  m_Layer: 8
  m_Name: Base
  m_TagString: Damageable
  m_Icon: {fileID: 0}
  m_NavMeshLayer: 0
  m_StaticEditorFlags: 0
  m_IsActive: 1
--- !u!4 &3322401293549652533
Transform:
  m_ObjectHideFlags: 0
  m_CorrespondingSourceObject: {fileID: 0}
  m_PrefabInstance: {fileID: 0}
  m_PrefabAsset: {fileID: 0}
  m_GameObject: {fileID: 1676653871669949779}
  m_LocalRotation: {x: 0, y: 0, z: 0, w: 1}
  m_LocalPosition: {x: 0, y: 0, z: 0}
  m_LocalScale: {x: 1, y: 1, z: 1}
  m_Children: []
  m_Father: {fileID: 0}
  m_RootOrder: 0
  m_LocalEulerAnglesHint: {x: 0, y: 0, z: 0}
--- !u!212 &6797075865244585864
SpriteRenderer:
  m_ObjectHideFlags: 0
  m_CorrespondingSourceObject: {fileID: 0}
  m_PrefabInstance: {fileID: 0}
  m_PrefabAsset: {fileID: 0}
  m_GameObject: {fileID: 1676653871669949779}
  m_Enabled: 1
  m_CastShadows: 0
  m_ReceiveShadows: 0
  m_DynamicOccludee: 1
  m_MotionVectors: 1
  m_LightProbeUsage: 1
  m_ReflectionProbeUsage: 1
  m_RayTracingMode: 0
  m_RayTraceProcedural: 0
  m_RenderingLayerMask: 1
  m_RendererPriority: 0
  m_Materials:
  - {fileID: 10754, guid: 0000000000000000f000000000000000, type: 0}
  m_StaticBatchInfo:
    firstSubMesh: 0
    subMeshCount: 0
  m_StaticBatchRoot: {fileID: 0}
  m_ProbeAnchor: {fileID: 0}
  m_LightProbeVolumeOverride: {fileID: 0}
  m_ScaleInLightmap: 1
  m_ReceiveGI: 1
  m_PreserveUVs: 0
  m_IgnoreNormalsForChartDetection: 0
  m_ImportantGI: 0
  m_StitchLightmapSeams: 1
  m_SelectedEditorRenderState: 0
  m_MinimumChartSize: 4
  m_AutoUVMaxDistance: 0.5
  m_AutoUVMaxAngle: 89
  m_LightmapParameters: {fileID: 0}
  m_SortingLayerID: 579051401
  m_SortingLayer: 2
  m_SortingOrder: 0
  m_Sprite: {fileID: -3966044189379602213, guid: d8f2f84b00a439244b00b61c71ad47eb,
    type: 3}
  m_Color: {r: 1, g: 1, b: 1, a: 1}
  m_FlipX: 0
  m_FlipY: 0
  m_DrawMode: 0
  m_Size: {x: 2.5625, y: 2.625}
  m_AdaptiveModeThreshold: 0.5
  m_SpriteTileMode: 0
  m_WasSpriteAssigned: 1
  m_MaskInteraction: 0
  m_SpriteSortPoint: 0
--- !u!114 &1342614718741732493
MonoBehaviour:
  m_ObjectHideFlags: 0
  m_CorrespondingSourceObject: {fileID: 0}
  m_PrefabInstance: {fileID: 0}
  m_PrefabAsset: {fileID: 0}
  m_GameObject: {fileID: 1676653871669949779}
  m_Enabled: 1
  m_EditorHideFlags: 0
  m_Script: {fileID: 11500000, guid: 148a945b9bf534745bca7cb2b1ac03f3, type: 3}
  m_Name: 
  m_EditorClassIdentifier: 
  objectTypeData: {fileID: 11400000, guid: 2b4ff9f5706c1c43abdf2d711773c8ef, type: 2}
  healthData: {fileID: 11400000, guid: 2b4ff9f5706c1c43abdf2d711773c8ef, type: 2}
--- !u!114 &7963801374202932055
MonoBehaviour:
  m_ObjectHideFlags: 0
  m_CorrespondingSourceObject: {fileID: 0}
  m_PrefabInstance: {fileID: 0}
  m_PrefabAsset: {fileID: 0}
  m_GameObject: {fileID: 1676653871669949779}
  m_Enabled: 1
  m_EditorHideFlags: 0
  m_Script: {fileID: 11500000, guid: 0bad079ebfac3b048818b3634bbda340, type: 3}
  m_Name: 
  m_EditorClassIdentifier: 
  healthDataComponent: {fileID: 0}
  currentHealth: 0
  destroySound:
    idInternal: 0
    valueGuidInternal: 
    WwiseObjectReference: {fileID: 0}
  onDeathEvent: {fileID: 11400000, guid: 2c3442e9fa12ac926a363335083b65c3, type: 2}
  remainsToSpawn: {fileID: 2546118461439882888, guid: f0ffc75e207049de588c1580f091e5f3,
    type: 3}
  enemies: {fileID: 11400000, guid: 4f08fc7476df5ace79b088e617c5d8d8, type: 2}
  remains: {fileID: 11400000, guid: ee9878df4ec19065c823c7d6f80c436f, type: 2}
  player: {fileID: 11400000, guid: 15a344acf8fbd4877b489a2720d59163, type: 2}
  bunker: {fileID: 11400000, guid: ac039e0ed11397a46979abb53f96773a, type: 2}
--- !u!50 &-178664225633858863
Rigidbody2D:
  serializedVersion: 4
  m_ObjectHideFlags: 0
  m_CorrespondingSourceObject: {fileID: 0}
  m_PrefabInstance: {fileID: 0}
  m_PrefabAsset: {fileID: 0}
  m_GameObject: {fileID: 1676653871669949779}
  m_BodyType: 2
  m_Simulated: 1
  m_UseFullKinematicContacts: 0
  m_UseAutoMass: 0
  m_Mass: 1
  m_LinearDrag: 0
  m_AngularDrag: 0.05
  m_GravityScale: 1
  m_Material: {fileID: 0}
  m_Interpolate: 0
  m_SleepingMode: 1
  m_CollisionDetection: 0
  m_Constraints: 0
--- !u!61 &8236029939824628076
BoxCollider2D:
  m_ObjectHideFlags: 0
  m_CorrespondingSourceObject: {fileID: 0}
  m_PrefabInstance: {fileID: 0}
  m_PrefabAsset: {fileID: 0}
  m_GameObject: {fileID: 1676653871669949779}
  m_Enabled: 1
  m_Density: 1
  m_Material: {fileID: 0}
  m_IsTrigger: 0
  m_UsedByEffector: 0
  m_UsedByComposite: 0
  m_Offset: {x: 0, y: 0}
  m_SpriteTilingProperty:
    border: {x: 0, y: 0, z: 0, w: 0}
    pivot: {x: 0.5, y: 0.5}
    oldSize: {x: 2.5625, y: 2.625}
    newSize: {x: 2.5625, y: 2.625}
    adaptiveTilingThreshold: 0.5
    drawMode: 0
    adaptiveTiling: 0
  m_AutoTiling: 0
  serializedVersion: 2
  m_Size: {x: 2.5625, y: 2.625}
  m_EdgeRadius: 0
--- !u!95 &7903452221268911512
Animator:
  serializedVersion: 3
  m_ObjectHideFlags: 0
  m_CorrespondingSourceObject: {fileID: 0}
  m_PrefabInstance: {fileID: 0}
  m_PrefabAsset: {fileID: 0}
  m_GameObject: {fileID: 1676653871669949779}
  m_Enabled: 1
  m_Avatar: {fileID: 0}
  m_Controller: {fileID: 9100000, guid: e3f03edf3b4a6be718da24e291bc807f, type: 2}
  m_CullingMode: 0
  m_UpdateMode: 0
  m_ApplyRootMotion: 0
  m_LinearVelocityBlending: 0
  m_WarningMessage: 
  m_HasTransformHierarchy: 1
  m_AllowConstantClipSamplingOptimization: 1
  m_KeepAnimatorControllerStateOnDisable: 0
--- !u!114 &1970126925494062340
MonoBehaviour:
  m_ObjectHideFlags: 0
  m_CorrespondingSourceObject: {fileID: 0}
  m_PrefabInstance: {fileID: 0}
  m_PrefabAsset: {fileID: 0}
  m_GameObject: {fileID: 1676653871669949779}
  m_Enabled: 1
  m_EditorHideFlags: 0
  m_Script: {fileID: 11500000, guid: 13345a814d15f5c40b196462432ba897, type: 3}
  m_Name: 
  m_EditorClassIdentifier: 
  bunkerTracker: {fileID: 11400000, guid: ac039e0ed11397a46979abb53f96773a, type: 2}
  tileMapObject: {fileID: 1679025937768809756, guid: 88f2f29a37bb7b4469546688cb1200ba,
    type: 3}
